@book{Bonet2008,
Author = {Bonet, Javier and Wood, Richard D.},
ISBN = {0-521-83870-3},
Publisher = {Cambridge University Press},
Title = {Nonlinear continuum mechanics for finite element analysis},
Year = {2008},
Edition = {second}}